@article{einstein2018,
author = {Riker, Richard and Fraser, Gilles},
year = {2018},
month = {11},
pages = {1881-1882},
title = {In the Middle of Difficulty Lies Opportunity.-Albert Einstein},
volume = {46},
journal = {Critical care medicine},
doi = {10.1097/CCM.0000000000003399}
}


@Article{gaugl2023,
author = {Gaugl, Robert and Sommer, Mark and Kettner, Claudia and Bachhiesl, Udo and Klatzer, Thomas and Gruber, Lia and Böheim, Michael and Kratena, Kurt and Wogrin, Sonja},
title = {Integrated Power and Economic Analysis of Austria’s Renewable Electricity Transformation},
journal = {Energies},
volume = {16},
year = {2023},
number = {5},
article-number = {2229},
ISSN = {1996-1073},
DOI = {10.3390/en16052229}
}

@article{wogrin2022,
title = {LEGO: The open-source Low-carbon Expansion Generation Optimization model},
journal = {SoftwareX},
volume = {19},
pages = {101141},
year = {2022},
issn = {2352-7110},
doi = {https://doi.org/10.1016/j.softx.2022.101141},
author = {Sonja Wogrin and Diego Alejandro Tejada-Arango and Robert Gaugl and Thomas Klatzer and Udo Bachhiesl},
keywords = {Energy system planning software, Open-source, Power system optimization, GitHub},
}
@mastersthesis{reitmair_framework_2022,
    title = {Framework zur stundenbasierten {Modellierung} der europäischen {Photovoltaikeinspeisung} mit hoher regionaler {Auflösung}},
    abstract = {Durch die anhaltende Klimadiskussion und die damit verbundenen Dekarbonisierungsziele der Europäischen Union wird die Energiewirtschaft in den kommenden Jahren einem weitreichenden strukturellen Wandel unterzogen. Die ehrgeizigen CO2-Reduktionsziele auf europäischer und nationaler Ebene beschleunigen die Transformation des bestehenden bedarfsgerechten Energiesystems hin zu einem dargebotsabhängigen Energiesystem. Diese Tatsache stellt alle Marktakteure sowie politischen Entscheidungsträger vor große technische als auch wirtschaftliche Herausforderungen. Um den wachsenden Herausforderungen begegnen zu können, sind techno-ökonomische Simulationsmodelle mit detaillierter Abbildung von Windund Photovoltaik (PV) ein wichtiges Werkzeug, um zukünftige Marktentwicklungen verstehen und fundamental beschreiben zu können.
Das im Zuge dieser Arbeit entwickelte Framework zur stundenbasierten Modellierung der europäischen Photovoltaikeinspeisung mit hoher regionaler Auflösung basiert auf frei zugänglichen Daten (Open-Source-Daten) und soll im Allgemeinen ein wiederverwendbares Werkzeug für die realitätsnahe Abbildung stündlicher Einspeisezeitreihen von Erneuerbaren Energien (EE) darstellen.
Um die fluktuierende Photovoltaikeinspeisung in Europa auch modellieren zu können, wird ein deterministischer Knotenansatz verfolgt, der auf Basis stündlicher Kapazitätsfaktoren und installierter Knotenleistungen die PV-Einspeisecharakteristik möglichst realitätsnah abbildet. Die verwendeten Kapazitätsfaktoren orientieren sich am Open-Source-Projekt Renewables.ninja und werden für die vorliegende Arbeit nochmals speziell aufbereitet. Aufgrund der variierenden PV-Leistungsangaben und der teils fehlenden Standortinformationen erfolgt eine Approximation der Kontenleistungen aller 34 europäischer Länder, die in der Arbeit berücksichtigt werden.
Für die Erstellung der geforderten PV-Kraftwerkstabelle werden die approximierten Knotenleistungen weiter unterteilt und in Aufdach-, Freiflächenund GebäudeintegrierteAnlagen kategorisiert. Alle länderspezifischen PV-Jahresleistungen sowie die PV-Jahressummeneinspeisungen werden dabei auf die veröffentlichten Kapazitätsund Erzeugungsdaten der International Renewable Energy Agency (IRENA) angeglichen.
Die Aufbereitung der PV-Leistungsdaten sowie der stündlichen Kapazitätsfaktoren erfolgt durch Python-Skripts. Die Berechnung der stündlichen PV-Einspeisezeitreihen und der PV-Residuallast hingegen wird mit MATLAB-Routinen durchgeführt, um eine Anbindung an das Simulationsmodell ATLANTIS auch weiterhin zu ermöglichen. Die Modellkalibrierung erfolgt wie die Berechnung der Einspeisezeitreihen in MATLAB.
Um beurteilen zu können, ob das entwickelte Modell die europäischen Photovoltaikeinspeisung realitätsnah abbildet, wird eine Simulation in MATLAB durchgeführt und die Ergebnisse ausgewählter zentralund südeuropäischer Länder ausgewertet. Dabei werden die knotenscharfen PV-Einspeisezeitreihen zu nationalen Einspeisezeitreihen aggregiert und mit skalierten ENTSO-E Daten abgeglichen. Im nicht korrigierten Fall kann in der Jahresbetrachtung für die Validierungsjahre 2016 bis einschließlich 2019 eine durchschnittliche Abweichung von 18,45\% zur historischen PV-Einspeisesumme verzeichnet werden. Durch das Einführen eines länderspezifischen Korrekturfaktors wird die durchschnittliche Abweichung maßgeblich reduziert und bewegt sich für die ausgewählten Länder zwischen -3,39\% und 6,21\%. Nach einem Ländervergleich werden die stündlichen PV-Einspeisezeitreihen für Deutschland im Detail untersucht und dabei kann ein gute Abbildung der Saisonalität wie auch des Tagesgangs festgestellt werden.
Die Auswertung der Simulationsergebnisse hat gezeigt, dass sich das entwickelte Framework grundsätzlich für die Nachbildung der europäische PV-Einspeisung eignet, aber gewissen Limitierungen unterliegt. Aufgrund der Konzeption liegen die Stärken klar bei der Durchschnittsbetrachtung von stündlichen PV-Einspeisezeitreihen.},
    school = {Graz University of Technology},
    author = {Reitmair, Florian},
    year = {2022},
}